@book{raithel2008einfuhrung,
  title={Einf{\"u}hrung P{\"a}dagogik: Begriffe-Str{\"o}mungen-Klassiker-Fachrichtungen},
  author={Raithel, J{\"u}rgen and Dollinger, Bernd and H{\"o}rmann, Georg},
  year={2008},
  publisher={Springer-Verlag}
}

@article{isdale1998virtual,
  title={What is virtual reality},
  author={Isdale, Jerry},
  journal={Virtual Reality Information Resources http://www. isx. com/\~{} jisdale/WhatIsVr. html},
  volume={4},
  year={1998}
}

@book{card1999readings,
  title={Readings in information visualization: using vision to think},
  author={Card, Stuart K and Mackinlay, Jock D and Shneiderman, Ben},
  year={1999},
  publisher={Morgan Kaufmann}
}

@article{bryson1996virtual,
  title={Virtual reality in scientific visualization},
  author={Bryson, Steve},
  journal={Communications of the ACM},
  volume={39},
  number={5},
  pages={62--71},
  year={1996},
  publisher={ACM}
}


@article{bertacchini2012motivating,
  title={Motivating the learning of science topics in secondary school: A constructivist edutainment setting for studying Chaos},
  author={Bertacchini, Francesca and Bilotta, Eleonora and Pantano, Pietro and Tavernise, Assunta},
  journal={Computers \& Education},
  volume={59},
  number={4},
  pages={1377--1386},
  year={2012},
  publisher={Elsevier}
}



@article{dubs1995konstruktivismus,
  title={Konstruktivismus: einige {\"U}berlegungen aus der Sicht der Unterrichtsgestaltung},
  author={Dubs, Rolf},
  journal={Zeitschrift f{\"u}r P{\"a}dagogik},
  volume={41},
  number={6},
  pages={889--903},
  year={1995}
}

@article{vollmers1997learning,
  title={Learning by doing--Piagets konstruktivistische Lerntheorie und ihre Konsequenzen f{\"u}r die p{\"a}dagogische Praxis},
  author={Vollmers, Burkhard},
  journal={International review of education},
  volume={43},
  number={1},
  pages={73--85},
  year={1997},
  publisher={Springer}
}

@article{collis1998new,
  title={New didactics for university instruction: why and how?},
  author={Collis, Betty},
  journal={Computers \& Education},
  volume={31},
  number={4},
  pages={373--393},
  year={1998},
  publisher={Elsevier}
}

@article{terhart2003constructivism,
  title={Constructivism and teaching: a new paradigm in general didactics?},
  author={Terhart, Ewald},
  journal={Journal of curriculum studies},
  volume={35},
  number={1},
  pages={25--44},
  year={2003},
  publisher={Taylor \& Francis}
}

@article{gerstenmaier1995wissenserwerb,
  title={Wissenserwerb unter konstruktivistischer Perspektive},
  author={Gerstenmaier, Jochen and Mandl, Heinz},
  journal={Zeitschrift f{\"u}r P{\"a}dagogik},
  volume={41},
  number={6},
  pages={867--888},
  year={1995}
}

@article{eades1984heuristic,
  title={A heuristic for graph drawing},
  author={Eades, Peter},
  journal={Congressus numerantium},
  volume={42},
  pages={149--160},
  year={1984}
}

@inproceedings{cruz19953d,
  title={3d graph drawing with simulated annealing},
  author={Cruz, Isabel F and Twarog, Joseph P},
  booktitle={International Symposium on Graph Drawing},
  pages={162--165},
  year={1995},
  organization={Springer}
}

@inproceedings{frick1994fast,
  title={A fast adaptive layout algorithm for undirected graphs (extended abstract and system demonstration)},
  author={Frick, Arne and Ludwig, Andreas and Mehldau, Heiko},
  booktitle={International Symposium on Graph Drawing},
  pages={388--403},
  year={1994},
  organization={Springer}
}

@inproceedings{gajer2000fast,
  title={A fast multi-dimensional algorithm for drawing large graphs},
  author={Gajer, Pawel and Goodrich, Michael T and Kobourov, Stephen G},
  booktitle={Graph Drawingâ€™00 Conference Proceedings},
  pages={211--221},
  year={2000}
}

@inproceedings{harel2000fast,
  title={A fast multi-scale method for drawing large graphs},
  author={Harel, David and Koren, Yehuda},
  booktitle={International symposium on graph drawing},
  pages={183--196},
  year={2000},
  organization={Springer}
}

@inproceedings{lipton1985method,
  title={A method for drawing graphs},
  author={Lipton, Richard J and North, Stephen C and Sandberg, Jonathan S},
  booktitle={Proceedings of the first annual symposium on Computational geometry},
  pages={153--160},
  year={1985},
  organization={ACM}
}

@article{gansner1993technique,
  title={A technique for drawing directed graphs},
  author={Gansner, Emden R and Koutsofios, Eleftherios and North, Stephen C and Vo, K-P},
  journal={IEEE Transactions on Software Engineering},
  volume={19},
  number={3},
  pages={214--230},
  year={1993},
  publisher={IEEE}
}

@article{di1994algorithms,
  title={Algorithms for drawing graphs: an annotated bibliography},
  author={Di Battista, Giuseppe and Eades, Peter and Tamassia, Roberto and Tollis, Ioannis G},
  journal={Computational Geometry},
  volume={4},
  number={5},
  pages={235--282},
  year={1994},
  publisher={Elsevier}
}

@article{kamada1989algorithm,
  title={An algorithm for drawing general undirected graphs},
  author={Kamada, Tomihisa and Kawai, Satoru and others},
  journal={Information processing letters},
  volume={31},
  number={1},
  pages={7--15},
  year={1989},
  publisher={Citeseer}
}

@inproceedings{brandenburg1995experimental,
  title={An experimental comparison of force-directed and randomized graph drawing algorithms},
  author={Brandenburg, Franz J and Himsolt, Michael and Rohrer, Christoph},
  booktitle={International Symposium on Graph Drawing},
  pages={76--87},
  year={1995},
  organization={Springer}
}

@inproceedings{bruss1995fast,
  title={Fast interactive 3-D graph visualization},
  author={Bru{\ss}, Ingo and Frick, Arne},
  booktitle={International Symposium on Graph Drawing},
  pages={99--110},
  year={1995},
  organization={Springer}
}

@article{herman2000graph,
  title={Graph visualization and navigation in information visualization: A survey},
  author={Herman, Ivan and Melan{\c{c}}on, Guy and Marshall, M Scott},
  journal={IEEE Transactions on visualization and computer graphics},
  volume={6},
  number={1},
  pages={24--43},
  year={2000},
  publisher={IEEE}
}

@article{davidson1996drawing,
  title={Drawing graphs nicely using simulated annealing},
  author={Davidson, Ron and Harel, David},
  journal={ACM Transactions on Graphics (TOG)},
  volume={15},
  number={4},
  pages={301--331},
  year={1996},
  publisher={ACM}
}

@article{fruchterman1991graph,
  title={Graph drawing by force-directed placement},
  author={Fruchterman, Thomas MJ and Reingold, Edward M},
  journal={Software: Practice and experience},
  volume={21},
  number={11},
  pages={1129--1164},
  year={1991},
  publisher={Wiley Online Library}
}

@article{cohen1997three,
  title={Three-dimensional graph drawing},
  author={Cohen, Robert F. and Eades, Peter and Lin, Tao and Ruskey, Frank},
  journal={Algorithmica},
  volume={17},
  number={2},
  pages={199--208},
  year={1997},
  publisher={Springer}
}

@inproceedings{purchase1995validating,
  title={Validating graph drawing aesthetics},
  author={Purchase, Helen C and Cohen, Robert F and James, Murray},
  booktitle={International Symposium on Graph Drawing},
  pages={435--446},
  year={1995},
  organization={Springer}
}

@inproceedings{sutherland1968head,
  title={A head-mounted three dimensional display},
  author={Sutherland, Ivan E},
  booktitle={Proceedings of the December 9-11, 1968, fall joint computer conference, part I},
  pages={757--764},
  year={1968},
  organization={ACM}
}

@article{park2011virtual,
  title={A virtual reality application in role-plays of social skills training for schizophrenia: a randomized, controlled trial},
  author={Park, Kyung-Min and Ku, Jeonghun and Choi, Soo-Hee and Jang, Hee-Jeong and Park, Ji-Yeon and Kim, Sun I and Kim, Jae-Jin},
  journal={Psychiatry research},
  volume={189},
  number={2},
  pages={166--172},
  year={2011},
  publisher={Elsevier}
}

@article{strickland1996virtual,
  title={A virtual reality application with autistic children},
  author={Strickland, Dorothy},
  journal={Presence: Teleoperators \& Virtual Environments},
  volume={5},
  number={3},
  pages={319--329},
  year={1996},
  publisher={MIT Press}
}

@article{zeltzer1992autonomy,
  title={Autonomy, interaction, and presence},
  author={Zeltzer, David},
  journal={Presence: Teleoperators \& Virtual Environments},
  volume={1},
  number={1},
  pages={127--132},
  year={1992},
  publisher={MIT Press}
}

@inproceedings{carlsson1993dive,
  title={DIVE A multi-user virtual reality system},
  author={Carlsson, Christer and Hagsand, Olof},
  booktitle={Virtual Reality Annual International Symposium, 1993., 1993 IEEE},
  pages={394--400},
  year={1993},
  organization={IEEE}
}

@inproceedings{de2007conceptual,
  title={Conceptual modeling for virtual reality},
  author={De Troyer, Olga and Kleinermann, Frederic and Pellens, Bram and Bille, Wesley},
  booktitle={Tutorials, posters, panels and industrial contributions at the 26th international conference on Conceptual modeling-Volume 83},
  pages={3--18},
  year={2007},
  organization={Australian Computer Society, Inc.}
}

@article{kaufmann2000construct3d,
  title={Construct3D: a virtual reality application for mathematics and geometry education},
  author={Kaufmann, Hannes and Schmalstieg, Dieter and Wagner, Michael},
  journal={Education and information technologies},
  volume={5},
  number={4},
  pages={263--276},
  year={2000},
  publisher={Springer}
}

@article{sanchez2000design,
  title={Design of virtual reality systems for education: a cognitive approach},
  author={S{\'a}nchez, {\'A}lvaro and Barreiro, Jos{\'e} Mar{\'\i}a and Maojo, V{\'\i}ctor},
  journal={Education and information technologies},
  volume={5},
  number={4},
  pages={345--362},
  year={2000},
  publisher={Springer}
}

@article{hwang2011edutainment,
  title={Edutainment Technologies},
  author={Hwang, Maiga Chang Wu-Yuin and M{\"u}ller, Ming-Puu Chen Wolfgang},
  publisher={Springer}
}

@article{merchant2014effectiveness,
  title={Effectiveness of virtual reality-based instruction on students' learning outcomes in K-12 and higher education: A meta-analysis},
  author={Merchant, Zahira and Goetz, Ernest T and Cifuentes, Lauren and Keeney-Kennicutt, Wendy and Davis, Trina J},
  journal={Computers \& Education},
  volume={70},
  pages={29--40},
  year={2014},
  publisher={Elsevier}
}

@article{charsky2010edutainment,
  title={From edutainment to serious games: A change in the use of game characteristics},
  author={Charsky, Dennis},
  journal={Games and culture},
  volume={5},
  number={2},
  pages={177--198},
  year={2010},
  publisher={Sage Publications Sage CA: Los Angeles, CA}
}

@article{brooks1992research,
  title={Research directions in virtual environments},
  author={Brooks Jr, Frederick and Marcus Brown, U and Burbeck, Tuscaloosa Chris and Durlach, Nat and Ellis, MIT Steve and Lackner, James and Robinett, Warren and Srinivasan, Mandayam and Sutherland, MIT Ivan and Urban, Dick and others},
  journal={Computer Graphics},
  volume={26},
  number={3},
  pages={153},
  year={1992}
}

@article{schultheis2001application,
  title={The application of virtual reality technology in rehabilitation.},
  author={Schultheis, Maria T and Rizzo, Albert A},
  journal={Rehabilitation psychology},
  volume={46},
  number={3},
  pages={296},
  year={2001},
  publisher={Educational Publishing Foundation}
}

@article{mclellan1996virtual,
  title={Virtual realities},
  author={McLellan, Hilary},
  journal={Handbook of research for educational communications and technology},
  pages={457--487},
  year={1996},
  publisher={Citeseer}
}

@article{bowman2007virtual,
  title={Virtual reality: how much immersion is enough?},
  author={Bowman, Doug A and McMahan, Ryan P},
  journal={Computer},
  volume={40},
  number={7},
  year={2007},
  publisher={IEEE}
}

@article{franchi1994virtual,
  title={Virtual reality: An overview},
  author={Franchi, Jorge},
  journal={TechTrends},
  volume={39},
  number={1},
  pages={23--26},
  year={1994},
  publisher={Springer}
}

@article{mazuryk1996virtual,
  title={Virtual reality-history, applications, technology and future},
  author={Mazuryk, Tomasz and Gervautz, Michael},
  year={1996},
  publisher={Citeseer}
}

@inproceedings{brath1997metrics,
  title={Metrics for effective information visualization},
  author={Brath, Richard},
  booktitle={Information Visualization, 1997. Proceedings., IEEE Symposium on},
  pages={108--111},
  year={1997},
  organization={IEEE}
}

@inproceedings{freitas2002evaluating,
  title={On evaluating information visualization techniques},
  author={Freitas, Carla MDS and Luzzardi, Paulo RG and Cava, Ricardo A and Winckler, Marco and Pimenta, Marcelo S and Nedel, Luciana P},
  booktitle={Proceedings of the working conference on Advanced Visual Interfaces},
  pages={373--374},
  year={2002},
  organization={ACM}
}

@article{upson1989application,
  title={The application visualization system: A computational environment for scientific visualization},
  author={Upson, Craig and Faulhaber, TA and Kamins, David and Laidlaw, David and Schlegel, David and Vroom, Jefrey and Gurwitz, Robert and Van Dam, Andries},
  journal={IEEE Computer Graphics and Applications},
  volume={9},
  number={4},
  pages={30--42},
  year={1989},
  publisher={IEEE}
}

@article{osberg1997spatial,
  title={Spatial cognition in the virtual environment},
  author={Osberg, Kimberley},
  year={1997},
  publisher={Human Interface Technology Laboratory of the Washington Technology Center}
}

@inproceedings{watson2000using,
  title={Using naming time to evaluate quality predictors for model simplification},
  author={Watson, Benjamin and Friedman, Alinda and McGaffey, Aaron},
  booktitle={Proceedings of the SIGCHI conference on Human factors in computing systems},
  pages={113--120},
  year={2000},
  organization={ACM}
}

@article{al1999using,
  title={Using visualization techniques for enhancing public participation in planning and design: process, implementation, and evaluation},
  author={Al-Kodmany, Kheir},
  journal={Landscape and urban planning},
  volume={45},
  number={1},
  pages={37--45},
  year={1999},
  publisher={Elsevier}
}

@article{meyer2000visualization,
  title={Visualization of data},
  author={Meyer, R Daniel and Cook, Dianne},
  journal={Current Opinion in Biotechnology},
  volume={11},
  number={1},
  pages={89--96},
  year={2000},
  publisher={Elsevier}
}

@article{keim1996visualization,
  title={Visualization techniques for mining large databases: A comparison},
  author={Keim, Daniel A and Kriegel, H-P},
  journal={IEEE Transactions on knowledge and data engineering},
  volume={8},
  number={6},
  pages={923--938},
  year={1996},
  publisher={IEEE}
}

@inproceedings{okoli2009brief,
  title={A brief review of studies of Wikipedia in peer-reviewed journals},
  author={Okoli, Chitu},
  booktitle={Digital Society, 2009. ICDS'09. Third International Conference on},
  pages={155--160},
  year={2009},
  organization={IEEE}
}

@book{arumugam2016handbook,
  title={Handbook of graph theory, combinatorial optimization, and algorithms},
  author={Arumugam, Subramanian and Brandst{\"a}dt, Andreas and Nishizeki, Takao and Thulasiraman, Krishnaiyan},
  year={2016},
  publisher={Chapman and Hall/CRC}
}

@article{ware2002cognitive,
  title={Cognitive measurements of graph aesthetics},
  author={Ware, Colin and Purchase, Helen and Colpoys, Linda and McGill, Matthew},
  journal={Information visualization},
  volume={1},
  number={2},
  pages={103--110},
  year={2002},
  publisher={SAGE Publications Sage UK: London, England}
}

@book{bang2008digraphs,
  title={Digraphs: theory, algorithms and applications},
  author={Bang-Jensen, J{\o}rgen and Gutin, Gregory Z},
  year={2008},
  publisher={Springer Science \& Business Media}
}

@article{purchase2002empirical,
  title={Empirical evaluation of aesthetics-based graph layout},
  author={Purchase, Helen C and Carrington, David and Allder, Jo-Anne},
  journal={Empirical Software Engineering},
  volume={7},
  number={3},
  pages={233--255},
  year={2002},
  publisher={Springer}
}

@book{diestel2017graph,
  title={Graph theory},
  author={Diestel, Reinhard},
  year={2017},
  publisher={Springer Publishing Company, Incorporated}
}


@article{purchase2002metrics,
  title={Metrics for graph drawing aesthetics},
  author={Purchase, Helen C},
  journal={Journal of Visual Languages \& Computing},
  volume={13},
  number={5},
  pages={501--516},
  year={2002},
  publisher={Elsevier}
}

@incollection{meyer2009perspektiven,
  title={Perspektiven der Didaktik},
  author={Meyer, Meinert A and Prenzel, Manfred and Hellekamps, Stephanie},
  booktitle={Perspektiven der Didaktik},
  pages={7--10},
  year={2009},
  publisher={Springer}
}

@article{bennett2007aesthetics,
  title={The aesthetics of graph visualization.},
  author={Bennett, Chris and Ryall, Jody and Spalteholz, Leo and Gooch, Amy},
  journal={Computational aesthetics},
  volume={2007},
  pages={57--64},
  year={2007},
  publisher={Citeseer}
}

@book{meyer2013visualisierung,
  title={Visualisierung von Informationen: verhaltenswissenschaftliche Grundregeln f{\"u}r das Management},
  author={Meyer, J{\"o}rn-Axel},
  year={2013},
  publisher={Springer-Verlag}
}

@inproceedings{munzner1995visualizing,
  title={Visualizing the structure of the World Wide Web in 3D hyperbolic space},
  author={Munzner, Tamara and Burchard, Paul},
  booktitle={Proceedings of the first symposium on Virtual reality modeling language},
  pages={33--38},
  year={1995},
  organization={ACM}
}

@misc{Moodle:01,
  title = "{M}oodle --- {W}as ist {M}oodle",
  howpublished = {\url{https://docs.moodle.org/34/de/Was_ist_Moodle}},
  note = {Abgerufen am 25. Januar 2018}
}

@misc{Moodle:02,
  title = "Moodle --- {M}oodle {S}tatistics",
  howpublished = {\url{http://moodle.net/stats/}},
  note = {Abgerufen am 25. Januar 2018}
}

@misc{Wiki:01,
  author = "{Wikipedia contributors}",
  title = "Wikipedia --- {W}ikipedia{,} The Free Encyclopedia",
  howpublished = {\url{https://de.wikipedia.org/wiki/Wikipedia}},
  note = {Abgerufen am 25. Januar 2018}
}

@misc{moodleAugsburg:01,
  title = "Moodle --- {M}oodle der {H}ochschule {A}ugsburg",
  howpublished = {\url{https://moodle.hs-augsburg.de/}},
  note = {Abgerufen am 09. April 2018}
}

@misc{moodleTUM:01,
  title = "Moodle --- {TUM}-{M}oodle",
  howpublished = {\url{https://www.moodle.tum.de/}},
  note = {Abgerufen am 09. April 2018}
}

@misc{moodleIngolstadt:01,
  title = "{M}oodle --- {T}echnische {H}ochschule {I}ngolstadt",
  howpublished = {\url{https://moodle.thi.de/moodle/}},
  note = {Abgerufen am 09. April 2018}
}

@misc{vive:01,
  title = {{HTC} {V}ive --- {T}echnische {D}aten},
  howpublished = {\url{https://www.vive.com/de/product/#vive-spec}},
  note = {Abgerufen am 10. April 2018}
}

@misc{wiki:02,
  author = "{Wikipedia contributors}",
  title = "{S}tatistik --- {W}ikipedia{,} The Free Encyclopedia",
  howpublished = {\url{https://de.wikipedia.org/wiki/Spezial:Statistik}},
  note = {Abgerufen am 10. April 2018}
}

@misc{wiki:03,
  author = "{Wikipedia contributors}",
  title = "{W}ikipedia{:}{F}ormatvorlage{/}{M}usterartikel --- {W}ikipedia{,} The Free Encyclopedia",
  howpublished = {\url{https://de.wikipedia.org/wiki/Wikipedia:Formatvorlage/Musterartikel}},
  note = {Abgerufen am 10. April 2018}
}

@misc{wiki:04,
  author = "{Wikimedia contributors}",
  title = "{C}ommons{:}{P}rojektumfang{/}{E}rlaubte {D}ateitypen",
  howpublished = {\url{https://commons.wikimedia.org/wiki/Commons:Project_scope/Allowable_file_types/de}},
  note = {Abgerufen am 10. April 2018}
}

@misc{wiki:TUMlogo,
  author = "{Wikimedia contributors}",
  title = "{W}ikimedia {C}ommons --- {L}ogo der {T}echnischen {U}niversitÃ¤t {M}Ã¼nchen",
  howpublished = {\url{https://commons.wikimedia.org/wiki/File:Logo_of_the_Technical_University_of_Munich.svg}},
  note = {Abgerufen am 10. April 2018}
}